@article{Mokhov:2018:BSL:3243631.3236774,
 author = {Mokhov, Andrey and Mitchell, Neil and Peyton Jones, Simon},
 title = {Build Systems \`{a} La Carte},
 journal = {Proc. ACM Program. Lang.},
 issue_date = {September 2018},
 volume = {2},
 number = {ICFP},
 month = jul,
 year = {2018},
 issn = {2475-1421},
 pages = {79:1--79:29},
 articleno = {79},
 numpages = {29},
 url = {http://doi.acm.org/10.1145/3236774},
 doi = {10.1145/3236774},
 acmid = {3236774},
 publisher = {ACM},
 address = {New York, NY, USA},
 keywords = {algorithms, build systems, functional programming},
}
